<?xml version="1.0" encoding="UTF-8"?>
<collection xmlns="http://www.loc.gov/MARC21/slim">
	<record>
		<leader>01874cam a22002778i 4500</leader>
		<controlfield tag="001">7afaf743-en</controlfield>
		<controlfield tag="003">FR-PaOEC</controlfield>
		<controlfield tag="005">20170701000000.0</controlfield>
		<controlfield tag="006">a     o  d i      </controlfield>
		<controlfield tag="007">cr || |||m|n||</controlfield>
		<controlfield tag="008">170501s2013    |||     o    i|0| 0 eng d</controlfield>
		<datafield ind1=" " ind2=" " tag="020">
			<subfield code="a">9789210567954</subfield>
		</datafield>
		<datafield ind1="7" ind2=" " tag="024">
			<subfield code="a">10.18356/7afaf743-en</subfield>
			<subfield code="2">doi</subfield>
		</datafield>
		<datafield ind1=" " ind2=" " tag="035">
			<subfield code="a">(FR-PaOEC)7afaf743-en</subfield>
		</datafield>
		<datafield ind1=" " ind2=" " tag="040">
			<subfield code="a">FR-PaOEC</subfield>
		</datafield>
		<datafield ind1="2" ind2=" " tag="110">
			<subfield code="a">UNDP.</subfield>
		</datafield>
		<datafield ind1="1" ind2="0" tag="245">
			<subfield code="a">Assessment of Development Results - China</subfield>
			<subfield code="h">[electronic resource] /</subfield>
			<subfield code="c">UNDP</subfield>
		</datafield>
		<datafield ind1=" " ind2=" " tag="260">
			<subfield code="a">New York :</subfield>
			<subfield code="b">United Nations,</subfield>
			<subfield code="c">2013.</subfield>
		</datafield>
		<datafield ind1=" " ind2=" " tag="300">
			<subfield code="a">103 p.</subfield>
		</datafield>
		<datafield ind1="1" ind2=" " tag="490">
			<subfield code="a">Assessment of Development Results,</subfield>
			<subfield code="x">2518-3192.</subfield>
		</datafield>
		<datafield ind1="0" ind2=" " tag="505">
			<subfield code="a">Foreword -- Acronyms and abbreviations -- Executive summary -- Introduction -- Development challenges and national strategies -- UNDP response and strategies -- UNDP strategic positioning -- Contribution to development results -- Conclusions and recommendations -- Terms of reference -- Documents consulted -- Evaluation matrix -- Persons consulted -- Results and resources framework for the People’s Republic of China, 2006-2010.</subfield>
		</datafield>
		<datafield ind1="3" ind2=" " tag="520">
			<subfield code="a">This Assessment of Development Results (ADR) in China is a country-level evaluation to assess the overall performance of UNDP and its contribution to development in China since 2006. It provides stakeholders an objective assessment of UNDP work and evaluates the effectiveness, efficiency and sustainability of UNDP programmes. This report also examines UNDP strategic positioning in China as well as relevance and responsiveness to China’s development priorities and needs. The ADR is situated against the background of China’s human development achievements and national priorities.</subfield>
		</datafield>
		<datafield ind1=" " ind2="4" tag="650">
			<subfield code="a">Economic and Social Development</subfield>
		</datafield>
		<datafield ind1=" " ind2="4" tag="651">
			<subfield code="a">China, People’s Republic</subfield>
		</datafield>
		<datafield ind1=" " ind2="0" tag="830">
			<subfield code="a">Assessment of Development Results,</subfield>
			<subfield code="x">2518-3192.</subfield>
		</datafield>
		<datafield ind1="4" ind2="0" tag="856">
			<subfield code="a">un-ilibrary.org</subfield>
			<subfield code="u">http://dx.doi.org/10.18356/7afaf743-en</subfield>
		</datafield>
	</record>