
	<record>
		<leader>01361nam a22003138i 4500</leader>
		<controlfield tag="001">c2f4ce40-zh</controlfield>
		<controlfield tag="003">FR-PaOEC</controlfield>
		<controlfield tag="005">20171201000000.0</controlfield>
		<controlfield tag="006">a     o  d i      </controlfield>
		<controlfield tag="007">cr || |||m|n||</controlfield>
		<controlfield tag="008">171201s2013    |||     o    i|0| 0 chi d</controlfield>
		<datafield ind1=" " ind2=" " tag="020">
			<subfield code="a">9789213622261</subfield>
		</datafield>
		<datafield ind1="7" ind2=" " tag="024">
			<subfield code="a">10.18356/c2f4ce40-zh</subfield>
			<subfield code="2">doi</subfield>
		</datafield>
		<datafield ind1=" " ind2=" " tag="035">
			<subfield code="a">(FR-PaOEC)c2f4ce40-zh</subfield>
		</datafield>
		<datafield ind1=" " ind2=" " tag="040">
			<subfield code="a">FR-PaOEC</subfield>
		</datafield>
		<datafield ind1="2" ind2=" " tag="110">
			<subfield code="a">UN.</subfield>
		</datafield>
		<datafield ind1="1" ind2="0" tag="245">
			<subfield code="a">国际法委员会年鉴 2000, 第一卷 II, 部分 2</subfield>
			<subfield code="h">[electronic resource] /</subfield>
			<subfield code="c">UN</subfield>
		</datafield>
		<datafield ind1=" " ind2=" " tag="260">
			<subfield code="a">New York :</subfield>
			<subfield code="b">United Nations,</subfield>
			<subfield code="c">2013.</subfield>
		</datafield>
		<datafield ind1=" " ind2=" " tag="300">
			<subfield code="a">164 p.</subfield>
		</datafield>
		<datafield ind1="1" ind2=" " tag="490">
			<subfield code="a">Yearbook of the International Law Commission,</subfield>
			<subfield code="x">2412-1525.</subfield>
		</datafield>
		<datafield ind1="0" ind2=" " tag="505">
			<subfield code="a">--  --  --  --  --  --  --  --  --  --  -- .</subfield>
		</datafield>
		<datafield ind1=" " ind2="4" tag="650">
			<subfield code="a">United Nations</subfield>
		</datafield>
		<datafield ind1=" " ind2="4" tag="650">
			<subfield code="a">International Law and Justice</subfield>
		</datafield>
		<datafield ind1="0" ind2=" " tag="775">
			<subfield code="t">Annuaire de la Commission du Droit International 2000, Vol. II, Partie 2</subfield>
			<subfield code="z">9789211562514</subfield>
			<subfield code="e">fre</subfield>
		</datafield>
		<datafield ind1="0" ind2=" " tag="775">
			<subfield code="t">Anuario de la Comisión de Derecho Internacional 2000, Vol. II, Parte 2</subfield>
			<subfield code="z">9789213621806</subfield>
			<subfield code="e">spa</subfield>
		</datafield>
		<datafield ind1="0" ind2=" " tag="775">
			<subfield code="t">Yearbook of the International Law Commission 2000, Vol. II, Part 2</subfield>
			<subfield code="z">9789211557688</subfield>
			<subfield code="e">eng</subfield>
		</datafield>
		<datafield ind1="0" ind2=" " tag="775">
			<subfield code="t">Ежегодник Комиссии Международного Права 2000, Том. II, Часть 2</subfield>
			<subfield code="z">9789213622117</subfield>
			<subfield code="e">rus</subfield>
		</datafield>
		<datafield ind1=" " ind2="0" tag="830">
			<subfield code="a">Yearbook of the International Law Commission,</subfield>
			<subfield code="x">2412-1525.</subfield>
		</datafield>
		<datafield ind1="4" ind2="0" tag="856">
			<subfield code="a">un-ilibrary.org</subfield>
			<subfield code="u">http://dx.doi.org/10.18356/c2f4ce40-zh</subfield>
		</datafield>
	</record>