
	<record>
		<leader>03032cam a22002658i 4500</leader>
		<controlfield tag="001">d6097d8a-en</controlfield>
		<controlfield tag="003">FR-PaOEC</controlfield>
		<controlfield tag="005">20170701000000.0</controlfield>
		<controlfield tag="006">a     o  d i      </controlfield>
		<controlfield tag="007">cr || |||m|n||</controlfield>
		<controlfield tag="008">160201s2014    |||     o    i|0| 0 eng d</controlfield>
		<datafield ind1=" " ind2=" " tag="020">
			<subfield code="a">9789210568425</subfield>
		</datafield>
		<datafield ind1="7" ind2=" " tag="024">
			<subfield code="a">10.18356/d6097d8a-en</subfield>
			<subfield code="2">doi</subfield>
		</datafield>
		<datafield ind1=" " ind2=" " tag="035">
			<subfield code="a">(FR-PaOEC)d6097d8a-en</subfield>
		</datafield>
		<datafield ind1=" " ind2=" " tag="040">
			<subfield code="a">FR-PaOEC</subfield>
		</datafield>
		<datafield ind1="2" ind2=" " tag="110">
			<subfield code="a">UN.</subfield>
		</datafield>
		<datafield ind1="1" ind2="0" tag="245">
			<subfield code="a">Compendium of recommendations on population and development</subfield>
			<subfield code="h">[electronic resource]:</subfield>
			<subfield code="b">Commission on population and development, 1994 –2014 (Volume I) /</subfield>
			<subfield code="c">UN</subfield>
		</datafield>
		<datafield ind1=" " ind2=" " tag="260">
			<subfield code="a">New York :</subfield>
			<subfield code="b">United Nations,</subfield>
			<subfield code="c">2014.</subfield>
		</datafield>
		<datafield ind1=" " ind2=" " tag="300">
			<subfield code="a">253 p.</subfield>
		</datafield>
		<datafield ind1="1" ind2=" " tag="490">
			<subfield code="a">Statistical Papers - United Nations (Ser. A), Population and Vital Statistics Report,</subfield>
			<subfield code="x">2412-138X.</subfield>
		</datafield>
		<datafield ind1="0" ind2=" " tag="505">
			<subfield code="a">Foreword -- Preface -- Explanatory notes -- Introduction -- Interrelationships between populations, sustained economic growth and sustainable development -- Gender equality, equity and empowerment of women -- The family, its roles, rights, composition and structure -- Population growth and structure -- Reproductive rights and reproductive health -- Health, morbidity and mortality -- Population distribution, urbanization and internal migration -- International migration -- Population, development and education -- Technology, research and development -- National action and international cooperation -- Partnership with the non-governmental sector -- Follow-up to the conference -- Principles of the Programme of Action -- General Assembly resolution 65/234: Follow-up the International Conference on Population and Development beyond 2014 -- Overview of the Commission on Population and Development, 1994-2014: Dates, sessions, themes, resolutions and decisions -- Mapping of the Programme of Action of the International Conference on Population and Development and resolutions of the Commission on Population and Development, 1994-2014.</subfield>
		</datafield>
		<datafield ind1="3" ind2=" " tag="520">
			<subfield code="a">The Compendium of Recommendations on Population and Development: Commission on Population and Development (Vol. I) compares recommendations emanating from the Programme of Action of the International Conference on Population and Development with resolutions from the Commission on Population and Development. In addition, General Assembly resolutions on population and development since 1994 will be included in the Compendium as well. This Compendium will be prepared in time for the special session of the General Assembly on 22 September 2014 on the follow-up to the Programme of Action of the International Conference on Population and Development beyond 2014. The special session will mark the 20-year anniversary of the Programme of Action, and the Compendium will be an important and highly visible contribution to the event, informing Member States and the global public now and in the future.</subfield>
		</datafield>
		<datafield ind1=" " ind2="4" tag="650">
			<subfield code="a">Population and Demography</subfield>
		</datafield>
		<datafield ind1=" " ind2="0" tag="830">
			<subfield code="a">Statistical Papers - United Nations (Ser. A), Population and Vital Statistics Report,</subfield>
			<subfield code="x">2412-138X.</subfield>
		</datafield>
		<datafield ind1="4" ind2="0" tag="856">
			<subfield code="a">un-ilibrary.org</subfield>
			<subfield code="u">http://dx.doi.org/10.18356/d6097d8a-en</subfield>
		</datafield>
	</record>