
	<record>
		<leader>01956cam a22002658i 4500</leader>
		<controlfield tag="001">527e5125-en</controlfield>
		<controlfield tag="003">FR-PaOEC</controlfield>
		<controlfield tag="005">20170601000000.0</controlfield>
		<controlfield tag="006">a     o  d i      </controlfield>
		<controlfield tag="007">cr || |||m|n||</controlfield>
		<controlfield tag="008">160201s2014    |||     os   i|0| 0 eng d</controlfield>
		<datafield ind1=" " ind2=" " tag="020">
			<subfield code="a">9789210568098</subfield>
		</datafield>
		<datafield ind1="7" ind2=" " tag="024">
			<subfield code="a">10.18356/527e5125-en</subfield>
			<subfield code="2">doi</subfield>
		</datafield>
		<datafield ind1=" " ind2=" " tag="035">
			<subfield code="a">(FR-PaOEC)527e5125-en</subfield>
		</datafield>
		<datafield ind1=" " ind2=" " tag="040">
			<subfield code="a">FR-PaOEC</subfield>
		</datafield>
		<datafield ind1="2" ind2=" " tag="110">
			<subfield code="a">UN.</subfield>
		</datafield>
		<datafield ind1="1" ind2="0" tag="245">
			<subfield code="a">World urbanization prospects</subfield>
			<subfield code="h">[electronic resource]:</subfield>
			<subfield code="b">The 2014 revision - highlights /</subfield>
			<subfield code="c">UN</subfield>
		</datafield>
		<datafield ind1=" " ind2=" " tag="260">
			<subfield code="a">New York :</subfield>
			<subfield code="b">United Nations,</subfield>
			<subfield code="c">2014.</subfield>
		</datafield>
		<datafield ind1=" " ind2=" " tag="300">
			<subfield code="a">32 p.</subfield>
		</datafield>
		<datafield ind1="1" ind2=" " tag="490">
			<subfield code="a">Statistical Papers - United Nations (Ser. A), Population and Vital Statistics Report,</subfield>
			<subfield code="x">2412-138X.</subfield>
		</datafield>
		<datafield ind1="0" ind2=" " tag="505">
			<subfield code="a">World urbanization trends 2014: Key facts -- Introduction -- Trends in urbanization -- Cities -- Policy implications -- References -- Table I: Urban and rural population, proportion urban and average annual rate of change of the proportion urban -- Table II: Population size and ranking of urban agglomerations with more than 5 million inhabitants as of 1 July 2014.</subfield>
		</datafield>
		<datafield ind1="3" ind2=" " tag="520">
			<subfield code="a">This report presents the highlights of the 2014 Revision of World Urbanization Prospects, which contains the latest estimates of the urban and rural populations of 233 countries or areas from 1950 to 2014 and projections to 2050, as well as estimates of population size from 1950 to 2014 and projections to 2030 for all urban agglomerations with 300,000 inhabitants or more in 2014. The world urban population is at an all-time high, and the share of urban dwellers, currently at 54 per cent, is projected to represent two thirds of the global population in 2050. Continued urbanization will bring new opportunities and challenges for sustainable development.</subfield>
		</datafield>
		<datafield ind1=" " ind2="4" tag="650">
			<subfield code="a">Human Settlements and Urban Issues</subfield>
		</datafield>
		<datafield ind1=" " ind2="0" tag="830">
			<subfield code="a">Statistical Papers - United Nations (Ser. A), Population and Vital Statistics Report,</subfield>
			<subfield code="x">2412-138X.</subfield>
		</datafield>
		<datafield ind1="4" ind2="0" tag="856">
			<subfield code="a">un-ilibrary.org</subfield>
			<subfield code="u">http://dx.doi.org/10.18356/527e5125-en</subfield>
		</datafield>
	</record>