
	<record>
		<leader>01615nam a22002418i 4500</leader>
		<controlfield tag="001">f22452cd-en</controlfield>
		<controlfield tag="003">FR-PaOEC</controlfield>
		<controlfield tag="005">20171201000000.0</controlfield>
		<controlfield tag="006">a     o  d i      </controlfield>
		<controlfield tag="007">cr || |||m|n||</controlfield>
		<controlfield tag="008">171201s2002    |||     o    i|0| 0 eng d</controlfield>
		<datafield ind1=" " ind2=" " tag="020">
			<subfield code="a">9789213618318</subfield>
		</datafield>
		<datafield ind1="7" ind2=" " tag="024">
			<subfield code="a">10.18356/f22452cd-en</subfield>
			<subfield code="2">doi</subfield>
		</datafield>
		<datafield ind1=" " ind2=" " tag="035">
			<subfield code="a">(FR-PaOEC)f22452cd-en</subfield>
		</datafield>
		<datafield ind1=" " ind2=" " tag="040">
			<subfield code="a">FR-PaOEC</subfield>
		</datafield>
		<datafield ind1="2" ind2=" " tag="110">
			<subfield code="a">ITC.</subfield>
		</datafield>
		<datafield ind1="1" ind2="0" tag="245">
			<subfield code="a">Converting LDC Export Opportunities into Business</subfield>
			<subfield code="h">[electronic resource]:</subfield>
			<subfield code="b">A Strategic Response /</subfield>
			<subfield code="c">ITC</subfield>
		</datafield>
		<datafield ind1=" " ind2=" " tag="260">
			<subfield code="a">New York :</subfield>
			<subfield code="b">United Nations,</subfield>
			<subfield code="c">2002.</subfield>
		</datafield>
		<datafield ind1=" " ind2=" " tag="300">
			<subfield code="a">181 p.</subfield>
		</datafield>
		<datafield ind1="0" ind2=" " tag="505">
			<subfield code="a">Foreword -- About this book -- Acknowledgements -- Note -- World trade trends: Challenges and opportunities for LDCs -- Lessons from LDC business successes: An export opportunities framework -- Export performance and prospects of LDCs: The sectoral opportunities -- Building an enabling environment -- Support services for export development in LDCs -- LDC business success stories -- Business sector round table.</subfield>
		</datafield>
		<datafield ind1="3" ind2=" " tag="520">
			<subfield code="a">This publication is based on research and discussion papers prepared for the Business Sector Round Table held during the Third United Nations Conference on the Least Developed Countries (LDCs). It draws lessons from successful entrepreneurs in LDCs and describes how to turn opportunities into effective business. It also reviews possibilities in different trade sectors and looks at measures that can help exporters to improve their performance and increase their market competitiveness.</subfield>
		</datafield>
		<datafield ind1=" " ind2="4" tag="650">
			<subfield code="a">International Trade and Finance</subfield>
		</datafield>
		<datafield ind1="4" ind2="0" tag="856">
			<subfield code="a">un-ilibrary.org</subfield>
			<subfield code="u">http://dx.doi.org/10.18356/f22452cd-en</subfield>
		</datafield>
	</record>
</collection>